@STRING {AAEJAF = "Astron. Astrophys."}
@STRING {ABCNBP = "Anal. Bioanal. Chem."}
@STRING {ACHRE4 = "Acc. Chem. Res."}
@STRING {ACIEAY = "Angew. Chem., Int. Ed. Engl."}
@STRING {AJCHAS = "Austral. J. Chem."}
@STRING {ANALAO = "Analyst"}
@STRING {APJSA2 = "Astron. J. Suppl. Ser."}
@STRING {ASJOAB = "Astrophys. J."}
@STRING {BACCAT = "Bull. Acad. Sci. USSR, Div. Chem. Sci."}
@STRING {BCSJA8 = "Bull. Chem. Soc. Jpn."}
@STRING {CEUJED = "Chem. Eur. J."}
@STRING {CHBEAM = "Chem. Ber."}
@STRING {CHPLBC = "Chem. Phys. Lett."}
@STRING {CJCHAG = "Can. J. Chem."}
@STRING {CHCOFS = "Chem. Comm."}
@STRING {CHREAY = "Chem. Rev."}
@STRING {CSRVBR = "Chem. Soc. Rev."}
@STRING {CCCCAK = "Collect. Czech. Chem. Commun."}
@STRING {CMPHC2 = "Chem. Phys."}
@STRING {COMPTC = "Comput. Theor. Chem."}
@STRING {CPCHFT = "ChemPhysChem"}
@STRING {CPHCBZ = "Comput. Phys. Commun."}
@STRING {CCHRAM = "Coord. Chem. Rev."}
@STRING {IJBMDR = "Int. J. Biol. Macromol."}
@STRING {IJMPDN = "Int. J. Mass Spectrom. Ion Processes"}
@STRING {IJQCB2 = "Int. J. Quantum Chem."}
@STRING {IJQSDI = "Int. J. Quantum Chem. Symp."}
@STRING {INOCAJ = "Inorg. Chem."}
@STRING {IRPCDL = "Int. Rev. Phys. Chem."}
@STRING {JACSAT = "J. Am. Chem. Soc."}
@STRING {JCCCAT = "J. Chem. Soc., Chem. Commun."}
@STRING {JCCHDD = "J. Comput. Chem."}
@STRING {JCTCCE = "J. Chem. Theory Comput."}
@STRING {JCSDAA = "J. Chem. Soc., Daldon Trans."}
@STRING {JCFTBS = "J. Chem. Soc., Faraday Trans. II"}
@STRING {JCFTEV = "J. Chem. Soc., Faraday Trans."}
@STRING {JCPSA6 = "J. Chem. Phys."}
@STRING {JESRAW = "J. Electr. Spectrosc. Rel. Phenomena"}
@STRING {JMCHEG = "J. Math. Chem."}
@STRING {JMCMAR = "J. Med. Chem."}
@STRING {JMOBAK = "J. Mol. Biol."}
@STRING {JMOSA3 = "J. Mol. Spectrosc."}
@STRING {JMOSB4 = "J. Mol. Structure"}
@STRING {JOCEAH = "J. Org. Chem."}
@STRING {JPAMA4 = "J. Phys. B"}
@STRING {JPAPEH = "J. Phys. B"}
@STRING {JPCAFH = "J. Phys. Chem. A"}
@STRING {JPCBFK = "J. Phys. Chem. B"}
@STRING {JPCCCK = "J. Phys. Chem. C"}
@STRING {JPCHAX = "J. Phys. Chem."}
@STRING {JPCLCD = "J. Phys. Chem. Lett."}
@STRING {JPOCEE = "J. Phys. Org. Chem."}
@STRING {JSTCAM = "J. Struct. Chem."}
@STRING {JTCCHM = "J. Theor. Comp. Chem."}
@STRING {MOPHAM = "Mol. Phys."}
@STRING {OBCRAK = "Org. Biomol. Chem."}
@STRING {ORGND7 = "Organometallics"}
@STRING {JPOCEE = "J. Phys. Org. Chem."}
@STRING {JSTCAM = "J. Struct. Chem."}
@STRING {JTCCHM = "J. Theor. Comp. Chem."}
@STRING {MOPHAM = "Mol. Phys."}
@STRING {ORGND7 = "Organometallics"}
@STRING {ORLEF7 = "Org. Lett."}
@STRING {PPCPFQ = "Phys. Chem. Chem. Phys."}
@STRING {PRLTAO = "Phys. Rev. Lett."}
@STRING {PHYSRV = "Phys. Rev."}
@STRING {PLRAAN = "Phys. Rev. A"}
@STRING {PRBMDO = "Phys. Rev. B"}
@STRING {POLNCL = "PLoS ONE"}
@STRING {PNASA6 = "Proc. Natl. Acad. Sci. USA"}
@STRING {PRCIEI = "Protein Sci."}
@STRING {RJICAQ = "Russ. J. Inorg. Chem."}
@STRING {RJPCAR = "Russ. J. Phys. Chem."}
@STRING {SAMCAS = "Spectrochim. Acta, Part A"}
@STRING {SCIEAS = "Science"}
@STRING {SJCCDA = "Sov. J. Coord. Chem."}
@STRING {SSCOA4 = "Solid State Commun."}
@STRING {SUSCAS = "Surface Science"}
@STRING {TCACFW = "Theor. Chem. Acc."}
@STRING {TCHAAM = "Theor. Chim. Acta"}
@STRING {TEXCAK = "Theor. Exper. Chem."}
@STRING {THEODJ = "J. Mol. Struct. THEOCHEM"}
@STRING {ZSTKAI = "Zh. Strukt. Khim."}

@STRING {WCMS = "WIREs Comput. Mol. Sci."}

@STRING {JCompPhys = "J. Comp. Phys."}
@STRING {JCompChem = "J. Comp. Chem."}
@STRING {IJQC = "Int. J. Quantum Chem."}
@STRING {TCA = "Theoret. Chim. Acta"}
@STRING {JCP = "J. Chem. Phys."}
@STRING {JACS = "J. Am. Chem. Soc."}
@STRING {JPhysChem = "J. Phys. Chem."}
@STRING {MolPhys = "Mol. Phys."}
@STRING {RevModPhys = "Rev. Mod. Phys."}
@STRING {AnnRevPhysChem = "Ann. Rev. Phys. Chem."}
@STRING {JMedChem = "J. Med. Chem."}
@STRING {JMolBiol = "J. Mol. Biol."}
@STRING {CPL = "Chem. Phys. Lett."}
@STRING {AdvQuantumChem = "Adv. Quantum Chem."}
@STRING {JPC = "J. Phys. Chem."}
@STRING {AdvChemPhys = "Adv. Chem. Phys."}
@STRING {PCCP = "Phys. Chem. Chem. Phys."}

