@article{olsen2014canonical,
  title={Canonical-ensemble SA-CASSCF strategy for problems with more diabatic than adiabatic states: Charge-bond resonance in monomethine cyanines},
  author={Olsen, Seth},
  journal={arXiv preprint arXiv:1407.6063},
  year={2014}
}

@article{deskevich2004dynamically,
  title={Dynamically weighted multiconfiguration self-consistent field: Multistate calculations for F+ H 2 Oâ†’ HF+ OH reaction paths},
  author={Deskevich, Michael P and Nesbitt, David J and Werner, Hans-Joachim},
  journal={J. Chem. Phys.},
  volume={120},
  number={16},
  pages={7281--7289},
  year={2004},
  publisher={American Institute of Physics}
}

@article{glover2014communication,
  title={Communication: Smoothing out excited-state dynamics: Analytical gradients for dynamically weighted complete active space self-consistent field},
  author={Glover, WJ and others},
  journal={J. Chem. Phys.},
  volume={141},
  number={17},
  year={2014}
}
